<?xml version="1.0" encoding="UTF-8"?><record xmlns="http://www.loc.gov/MARC21/slim" xmlns:cinclude="http://apache.org/cocoon/include/1.0" xmlns:zs="http://www.loc.gov/zing/srw/">
  <leader>00636cz  a2200145n  4500</leader>
  <controlfield tag="001">n  95930872 </controlfield>
  <controlfield tag="003">DLC</controlfield>
  <controlfield tag="005">20120814080332.0</controlfield>
  <controlfield tag="008">950213n| acannaabn          |n ana      </controlfield>
  <datafield tag="010" ind1=" " ind2=" ">
    <subfield code="a">n  95930872 </subfield>
  </datafield>
  <datafield tag="035" ind1=" " ind2=" ">
    <subfield code="a">(OCoLC)oca04030612</subfield>
  </datafield>
  <datafield tag="040" ind1=" " ind2=" ">
    <subfield code="a">DLC</subfield>
    <subfield code="b">eng</subfield>
    <subfield code="c">DLC</subfield>
    <subfield code="d">OrLoB</subfield>
    <subfield code="d">OCoLC</subfield>
    <subfield code="d">DLC</subfield>
  </datafield>
  <datafield tag="111" ind1="2" ind2=" ">
    <subfield code="a">Simposium 25 Tahun Perkembangan Hidrologi di Indonesia</subfield>
    <subfield code="d">(1992 :</subfield>
    <subfield code="c">Jakarta, Indonesia)</subfield>
  </datafield>
  <datafield tag="667" ind1=" " ind2=" ">
    <subfield code="a">THIS 1XX FIELD CANNOT BE USED UNDER RDA UNTIL THIS RECORD HAS BEEN REVIEWED AND/OR UPDATED</subfield>
  </datafield>
  <datafield tag="670" ind1=" " ind2=" ">
    <subfield code="a">25 tahun perkembangan hidrologi di Indonesia, 1933:</subfield>
    <subfield code="b">p. i (Simposium 25 Tahun Perkembangan Hidrologi di Indonesia, 2/13-14/92) p. 2 (held in Jakarta)</subfield>
  </datafield>
</record>